
@misc{noauthor_javinator9889_nodate,
	title = {Javinator9889 - {Overview}},
	url = {https://github.com/Javinator9889},
	abstract = {Programmer, engineer and student
Enjoying a lot creating apps and a supporting OpenSource üëç üíÉ, find also my projects here: https://gitlab.javinator9889.com/ - Javinator9889},
	language = {en},
% 	urldate = {2019-12-13},
	journal = {GitHub},
% 	file = {Snapshot:files/32/Javinator9889.html:text/html}
}

@misc{javinator9889_javinator9889/bitcoinpools_2019,
	title = {Javinator9889/{BitCoinPools}},
	copyright = {MIT},
	url = {https://github.com/Javinator9889/BitCoinPools},
	abstract = {Get the latest information about pools of BTC. Contribute to Javinator9889/BitCoinPools development by creating an account on GitHub.},
% 	urldate = {2019-12-13},
	author = {Javinator9889},
	month = may,
	year = {2019},
% 	note = {original-date: 2017-12-22T15:30:35Z},
	keywords = {android, android-application, btc, java, java8, net, pools, sdk-android, tools}
}

@misc{javinator9889_javinator9889/threadingtools_2018,
	title = {Javinator9889/{ThreadingTools}},
	copyright = {GPL-3.0},
	url = {https://github.com/Javinator9889/ThreadingTools},
	abstract = {Java useful tools for managing threads like a master ‚ö°üëäüõ†},
% 	urldate = {2019-12-13},
	author = {Javinator9889},
	month = nov,
	year = {2018},
% 	note = {original-date: 2018-11-15T09:59:47Z},
	keywords = {android, gradle, java, java-10, java-11, java-8, java-9, javadoc, lambda, library, listener, master, notification, powerful, thread, tool}
}

@misc{javinator9889_javinator9889/youtubemdbot_2019,
	title = {Javinator9889/{YouTubeMDBot}},
	copyright = {GPL-3.0},
	url = {https://github.com/Javinator9889/YouTubeMDBot},
	abstract = {A powerful bot for downloading almost every video on YouTube},
% 	urldate = {2019-12-13},
	author = {Javinator9889},
	month = dec,
	year = {2019},
% 	note = {original-date: 2018-06-16T13:22:29Z}
}

@misc{javinator9889_javinator9889/bonsaiaio_2019,
	title = {Javinator9889/{BonsaiAIO}},
	copyright = {GPL-3.0},
	url = {https://github.com/Javinator9889/BonsaiAIO},
	abstract = {Control water level, temperature, time and bonsai light with an Arduino board},
% 	urldate = {2019-12-13},
	author = {Javinator9889},
	month = aug,
	year = {2019},
% 	note = {original-date: 2019-08-28T12:04:19Z}
}

@misc{javinator9889_javinator9889/localemanager_2018,
	title = {Javinator9889/{LocaleManager}},
	copyright = {GPL-3.0},
	url = {https://github.com/Javinator9889/LocaleManager},
	abstract = {Android Locale Manager compatible with multiple versions},
% 	urldate = {2019-12-13},
	author = {Javinator9889},
	month = dec,
	year = {2018},
% 	note = {original-date: 2018-12-20T15:09:32Z},
	keywords = {android, android-library, android-locale, gradle, java, jcenter-bintray, language, library, locale, localemanager, maven, multilingual, multiple-language-android}
}

@misc{javinator9889_javinator9889/pygle_2019,
	title = {Javinator9889/{pyGle}},
	copyright = {GPL-3.0},
	url = {https://github.com/Javinator9889/pyGle},
	abstract = {A tool for searching the entire web with the Google technology},
% 	urldate = {2019-12-13},
	author = {Javinator9889},
	month = nov,
	year = {2019},
% 	note = {original-date: 2018-07-05T13:49:08Z},
	keywords = {api, beautifulsoup4, browser, bs4, dictionary, extreme, fast, google, google-api, pip, powerful, python-3, python3, requests, scraping-websites, search, search-engine, search-google, urllib, web}
}

@misc{javinator9889_javinator9889/pyacoustid_2019,
	title = {Javinator9889/pyacoustid},
	copyright = {MIT},
	url = {https://github.com/Javinator9889/pyacoustid},
	abstract = {Python bindings for Chromaprint acoustic fingerprinting and the Acoustid Web service},
% 	urldate = {2019-12-13},
	author = {Javinator9889},
	month = sep,
	year = {2019},
% 	note = {original-date: 2019-09-22T13:54:34Z}
}

@misc{noauthor_sirtdetection/server_2019,
	title = {{SIRTDetection}/{Server}},
	copyright = {GPL-3.0},
	url = {https://github.com/SIRTDetection/Server},
	abstract = {Server side application for SIRT application. Contribute to SIRTDetection/Server development by creating an account on GitHub.},
% 	urldate = {2019-12-13},
	publisher = {SIRT},
	month = jan,
	year = {2019},
% 	note = {original-date: 2018-11-28T08:39:53Z}
}

@misc{noauthor_ddns-clients/pycloudflareupdater_2019,
	title = {ddns-clients/{pyCloudFlareUpdater}},
	copyright = {GPL-3.0},
	url = {https://github.com/ddns-clients/pyCloudFlareUpdater},
	abstract = {DDNS Service for updating your CloudFlare \&\#39;A\&\#39; Records when your public IP changes},
% 	urldate = {2019-12-13},
	publisher = {DDNS Clients},
	month = jul,
	year = {2019},
% 	note = {original-date: 2019-04-24T15:30:23Z}
}

@misc{noauthor_upm-robotics/uarm_2019,
	title = {{UPM}-{Robotics}/uarm},
	copyright = {GPL-3.0},
	url = {https://github.com/UPM-Robotics/uarm},
	abstract = {Pr√°ctica de Manipuladores con el robot uArm. Contribute to UPM-Robotics/uarm development by creating an account on GitHub.},
% 	urldate = {2019-12-13},
	publisher = {Robotics UPM},
	month = nov,
	year = {2019},
% 	note = {original-date: 2019-11-01T11:13:54Z}
}

@article{javier_alonso_silva_estudio_2019,
	title = {Estudio del manipulador uArm},
	abstract = {Aproximaci√≥n matem√°tica del manipulador uArm para la modelizaci√≥n de robots de cuatro grados de libertad pantogr√°ficos.},
	author = {{Javier Alonso Silva} and {Jos√© Alejandro Moya Blanco} and {Roberto √Ålvarez Garrido}},
	month = {Noviembre},
	year = {2019},
	pages = {37}
}

@article{upm65304,
           month = {Octubre},
           title = {pArm -- sistema inform{\'a}tico empotrado para gobernar un brazo rob{\'o}tico de dise{\~n}o abierto},
          author = {{Javier Alonso Silva} and {Mihai Octavian Stanescu} and {Jos{\'e} Alejandro Moya Blanco}},
         address = {Madrid, Espa{\~n}a},
            year = {2020},
             url = {http://oa.upm.es/65304/},
        abstract = {En este documento se va a tratar el desarrollo del pArm, un proyecto integral de ingenier{\'i}a en el que se modela, dise{\~n}a y construye un brazo rob{\'o}tico utilizando tecnolog{\'i}a de impresi{\'o}n 3D como base. El objetivo principal es ofrecer una forma asequible y sencilla para que otra persona pueda replicar el proyecto y adentrarse en el mundo de la rob{\'o}tica por su cuenta. Para ello, primero se elicitar{\'a}n los requisitos que permitir{\'a}n posteriormente modelar y dise{\~n}ar el sistema de forma fiel. A su vez, se estudiar{\'a}n las caracter{\'i}sticas del sistema hardware lo que permitir{\'a} desarrollar y construir una placa de control que ser{\'a} la encargada de gestionar los movimientos del brazo rob{\'o}tico. Adem{\'a}s, las fases de dise{\~n}o anteriores simplifican el proceso de desarrollo del software que ejecutar{\'a}n los sistemas y permitir{\'a}n abordar el modelo matem{\'a}tico que rige la estructura pantogr{\'a}fica del brazo rob{\'o}tico atendiendo a las limitaciones tanto f{\'i}sicas como del sistema propuesto en s{\'i}. Por otro lado, se modelar{\'a}n y dise{\~n}ar{\'a}n nuevas piezas que permitir{\'a}n construir el brazo rob{\'o}tico con otros tipos de componentes distintos a los del brazo original as{\'i} como con la nueva placa de control. Por {\'u}ltimo, se proponen futuras l{\'i}neas de mejora que se consideran interesantes a la hora de completar el proyecto. Se incluyen adem{\'a}s en los anexos el c{\'o}digo fuente de las aplicaciones desarrolladas ya que se referencia directamente a lo largo del presente documento.}
}


@article{alonsosilvaAnalisisContenedoresDocker2021,
  title = {An√°lisis de Contenedores Docker y sus implicaciones de seguridad},
  author = {Javier Alonso Silva},
  year = {2021},
  month = jun,
	url = {https://www.researchgate.net/publication/352882918_Analisis_de_contenedores_Docker_y_sus_implicaciones_de_seguridad},
  abstract = {Docker se ha convertido en el nuevo est\'andar de despliegue de aplicaciones y en la nueva herramienta compa\~nera del desarrollador. En este documento se va a estudiar c\'omo funciona Docker, c\'omo est\'a compuesto, qu\'e mecanismos usa para trabajar de forma eficiente y los conceptos relacionados al mismo: contenedores, im\'agenes, interfaces virtuales, vol\'umenes y gestores de almacenamiento. Por otra parte, el gran crecimiento conlleva unas responsabilidades de seguridad que no siempre se pueden abarcar. Se ver\'a c\'omo Docker hace uso de mecanismos de seguridad del kernel de Linux para aislar los procesos con namespaces, crear interfaces de red virtuales con iptables y restringir el acceso a recursos con los control groups.}
}



